<?xml version="1.0" encoding="UTF-8"?><record xmlns="http://www.loc.gov/MARC21/slim" xmlns:cinclude="http://apache.org/cocoon/include/1.0" xmlns:zs="http://www.loc.gov/zing/srw/">
  <leader>00841cz  a2200181n  4500</leader>
  <controlfield tag="001">nr 92022775 </controlfield>
  <controlfield tag="003">DLC</controlfield>
  <controlfield tag="005">20080814081419.0</controlfield>
  <controlfield tag="008">920623nc acannaabn          |b ana      </controlfield>
  <datafield tag="010" ind1=" " ind2=" ">
    <subfield code="a">nr 92022775 </subfield>
  </datafield>
  <datafield tag="035" ind1=" " ind2=" ">
    <subfield code="a">(OCoLC)oca03193520</subfield>
  </datafield>
  <datafield tag="040" ind1=" " ind2=" ">
    <subfield code="a">DLC-R</subfield>
    <subfield code="b">eng</subfield>
    <subfield code="c">DLC-R</subfield>
    <subfield code="d">OCoLC</subfield>
    <subfield code="d">DLC</subfield>
    <subfield code="d">OCoLC</subfield>
  </datafield>
  <datafield tag="110" ind1="1" ind2=" ">
    <subfield code="a">China.</subfield>
    <subfield code="b">Guo jia qi xiang ju.</subfield>
    <subfield code="b">Tian qi yu bao jing bao guan li si</subfield>
  </datafield>
  <datafield tag="410" ind1="1" ind2=" ">
    <subfield code="w">nnea</subfield>
    <subfield code="a">China.</subfield>
    <subfield code="b">Kuo chia chʻi hsiang chü.</subfield>
    <subfield code="b">Tʻien chʻi yü pao ching pao kuan li ssu</subfield>
  </datafield>
  <datafield tag="410" ind1="1" ind2=" ">
    <subfield code="a">China.</subfield>
    <subfield code="b">国家气象局.</subfield>
    <subfield code="b">天气预报警报管理司</subfield>
  </datafield>
  <datafield tag="667" ind1=" " ind2=" ">
    <subfield code="a">Machine-derived non-Latin script reference project.</subfield>
  </datafield>
  <datafield tag="667" ind1=" " ind2=" ">
    <subfield code="a">Non-Latin script reference not evaluated.</subfield>
  </datafield>
  <datafield tag="670" ind1=" " ind2=" ">
    <subfield code="a">Shou tzʻu chʻüan kuo tuan shih tʻien chʻi yü pao ching yen chiao liu hui i wen chi, 1990:</subfield>
    <subfield code="b">t.p. (Kuo chia chʻi hsiang chü tʻien chʻi yü pao ching pao kuan li ssu)</subfield>
  </datafield>
</record>